@incollection {cheeger-simons,
    AUTHOR = {Cheeger, Jeff and Simons, James},
     TITLE = {Differential characters and geometric invariants},
 BOOKTITLE = {Geometry and topology ({C}ollege {P}ark, {M}d., 1983/84)},
    SERIES = {Lecture Notes in Math.},
    VOLUME = {1167},
     PAGES = {50--80},
 PUBLISHER = {Springer, Berlin},
      YEAR = {1985},
   MRCLASS = {53C20 (57R20 58G10)},
  MRNUMBER = {827262},
MRREVIEWER = {P. Molino},
       DOI = {10.1007/BFb0075216},
       URL = {http://dx.doi.org/10.1007/BFb0075216},
}

@book {brylinski,
    AUTHOR = {Brylinski, Jean-Luc},
     TITLE = {Loop spaces, characteristic classes and geometric
              quantization},
    SERIES = {Progress in Mathematics},
    VOLUME = {107},
 PUBLISHER = {Birkh\"auser Boston, Inc., Boston, MA},
      YEAR = {1993},
     PAGES = {xvi+300},
      ISBN = {0-8176-3644-7},
   MRCLASS = {57Rxx (18G50 55P35 58F06)},
  MRNUMBER = {1197353},
MRREVIEWER = {Daniel S. Freed},
       DOI = {10.1007/978-0-8176-4731-5},
       URL = {http://dx.doi.org/10.1007/978-0-8176-4731-5},
}

@article {hopkins-singer,
    AUTHOR = {Hopkins, M. J. and Singer, I. M.},
     TITLE = {Quadratic functions in geometry, topology, and {M}-theory},
   JOURNAL = {J. Differential Geom.},
  FJOURNAL = {Journal of Differential Geometry},
    VOLUME = {70},
      YEAR = {2005},
    NUMBER = {3},
     PAGES = {329--452},
      ISSN = {0022-040X},
   MRCLASS = {53C07 (57R19 58J28 81T30 81T50)},
  MRNUMBER = {2192936},
MRREVIEWER = {Daniel S. Freed},
       URL = {http://projecteuclid.org/euclid.jdg/1143642908},
}

@article {hlz,
    AUTHOR = {Harvey, Reese and Lawson, Blaine and Zweck, John},
     TITLE = {The de {R}ham-{F}ederer theory of differential characters and
              character duality},
   JOURNAL = {Amer. J. Math.},
  FJOURNAL = {American Journal of Mathematics},
    VOLUME = {125},
      YEAR = {2003},
    NUMBER = {4},
     PAGES = {791--847},
      ISSN = {0002-9327},
   MRCLASS = {53C65 (58A10 58A12 58A25)},
  MRNUMBER = {1993742},
MRREVIEWER = {Wies\AA ?aw J. Ol\"A?dzki},
       URL =
              {http://muse.jhu.edu/journals/american_journal_of_mathematics/v125/125.4harvey.pdf},
}

@article {simons-sullivan,
    AUTHOR = {Simons, James and Sullivan, Dennis},
     TITLE = {Axiomatic characterization of ordinary differential
              cohomology},
   JOURNAL = {J. Topol.},
  FJOURNAL = {Journal of Topology},
    VOLUME = {1},
      YEAR = {2008},
    NUMBER = {1},
     PAGES = {45--56},
      ISSN = {1753-8416},
   MRCLASS = {58J28 (53C07 57R19)},
  MRNUMBER = {2365651},
MRREVIEWER = {Alan L. Carey},
       DOI = {10.1112/jtopol/jtm006},
       URL = {http://dx.doi.org/10.1112/jtopol/jtm006},
}

@article {bnv,
    AUTHOR = {Bunke, Ulrich and Nikolaus, Thomas and V\"olkl, Michael},
     TITLE = {Differential cohomology theories as sheaves of spectra},
   JOURNAL = {J. Homotopy Relat. Struct.},
  FJOURNAL = {Journal of Homotopy and Related Structures},
    VOLUME = {11},
      YEAR = {2016},
    NUMBER = {1},
     PAGES = {1--66},
      ISSN = {2193-8407},
   MRCLASS = {57R19 (55N20 55P42)},
  MRNUMBER = {3462099},
MRREVIEWER = {Sa\~A$\overline$d Zarati},
       DOI = {10.1007/s40062-014-0092-5},
       URL = {http://dx.doi.org/10.1007/s40062-014-0092-5},
}

@article {mq,
    AUTHOR = {Mathai, Varghese and Quillen, Daniel},
     TITLE = {Superconnections, {T}hom classes, and equivariant differential
              forms},
   JOURNAL = {Topology},
  FJOURNAL = {Topology. An International Journal of Mathematics},
    VOLUME = {25},
      YEAR = {1986},
    NUMBER = {1},
     PAGES = {85--110},
      ISSN = {0040-9383},
   MRCLASS = {58A10 (32L10 53C05 57R20 58G99)},
  MRNUMBER = {836726},
MRREVIEWER = {Thomas Schmitt},
       DOI = {10.1016/0040-9383(86)90007-8},
       URL = {http://dx.doi.org.turing.library.northwestern.edu/10.1016/0040-9383(86)90007-8},
}

@book {bgv,
    AUTHOR = {Berline, Nicole and Getzler, Ezra and Vergne, Mich\`ele},
     TITLE = {Heat kernels and {D}irac operators},
    SERIES = {Grundlehren Text Editions},
      NOTE = {Corrected reprint of the 1992 original},
 PUBLISHER = {Springer-Verlag, Berlin},
      YEAR = {2004},
     PAGES = {x+363},
      ISBN = {3-540-20062-2},
   MRCLASS = {58J35 (35K05 35Q40 47G30 58J60)},
  MRNUMBER = {2273508},
}


